<?xml version="1.0" encoding="UTF-8"?><record xmlns="http://www.loc.gov/MARC21/slim" xmlns:cinclude="http://apache.org/cocoon/include/1.0" xmlns:zs="http://www.loc.gov/zing/srw/">
  <leader>00566cz  a2200145n  4500</leader>
  <controlfield tag="001">no2015003337</controlfield>
  <controlfield tag="003">DLC</controlfield>
  <controlfield tag="005">20150217073852.0</controlfield>
  <controlfield tag="008">150109n| azannaabn          |n aaa     c</controlfield>
  <datafield tag="010" ind1=" " ind2=" ">
    <subfield code="a">no2015003337</subfield>
  </datafield>
  <datafield tag="035" ind1=" " ind2=" ">
    <subfield code="a">(OCoLC)oca10056982</subfield>
  </datafield>
  <datafield tag="040" ind1=" " ind2=" ">
    <subfield code="a">MiFliG</subfield>
    <subfield code="b">eng</subfield>
    <subfield code="e">rda</subfield>
    <subfield code="c">MiFliG</subfield>
    <subfield code="d">IEN</subfield>
  </datafield>
  <datafield tag="100" ind1="1" ind2=" ">
    <subfield code="a">Burns, I. D. M.</subfield>
  </datafield>
  <datafield tag="373" ind1=" " ind2=" ">
    <subfield code="a">Mobil Oil Company</subfield>
    <subfield code="a">Mobil Research and Development Corporation</subfield>
    <subfield code="2">naf</subfield>
  </datafield>
  <datafield tag="670" ind1=" " ind2=" ">
    <subfield code="a">New gasoline formulations provide protection against corrosive engine wear, 1969:</subfield>
    <subfield code="b">cover (I.D.M. Burns, Mobil Oil Company, Limited, Mobil Research and Development Corporation)</subfield>
  </datafield>
</record>